%% This BibTeX bibliography file was created using BibDesk.
%% http://bibdesk.sourceforge.net/


%% Created for Hoefner, Peter (Data61, Kensington NSW) at 2017-10-10 17:16:14 +1100 


%% Saved with string encoding Unicode (UTF-8) 


@string{acm = {ACM}}

@string{eptcs = {Electronic Proceedings in Theoretical Computer Science}}

@string{faoc = {Formal Aspects of Computing}}

@string{ieee = {IEEE}}

@string{lncs = {Lecture Notes in Computer Science}}

@string{opa = {Open Publishing Association}}

@string{springer = {Springer}}

@string{sttt = {Software Tools for Technology Transfer}}

@string{tcs = {Theoretical Computer Science}}


@article{AlurDill94,
	Author = {Alur, R. and Dill, D. L.},
	Date-Added = {2017-10-10 06:14:08 +0000},
	Date-Modified = {2017-10-10 06:14:48 +0000},
	Doi = {10.1016/0304-3975(94)90010-8},
	Journal = tcs,
	Number = {2},
	Pages = {183--235},
	Title = {A Theory of Timed Automata},
	Volume = {126},
	Year = {1994},
	Bdsk-Url-1 = {https://doi.org/10.1016/0304-3975(94)90010-8},
	Bdsk-Url-2 = {http://dx.doi.org/10.1016/0304-3975(94)90010-8}}

@inproceedings{RavnEtAl11,
	Author = {Ravn, A. and JSrba, J. and Vighio, S.},
	Bdsk-Url-1 = {https://doi.org/10.1007/978-3-642-19835-9\_32},
	Bdsk-Url-2 = {http://dx.doi.org/10.1007/978-3-642-19835-9\_32},
	Booktitle = {Tools and Algorithms for the Construction and Analysis of Systems (TACAS '11)},
	Date-Added = {2017-10-10 06:07:59 +0000},
	Date-Modified = {2017-10-10 06:09:47 +0000},
	Doi = {10.1007/978-3-642-19835-9\_32},
	Editor = {Abdulla, P. A. and Leino, {K. R. M.}},
	Pages = {357--371},
	Publisher = springer,
	Series = lncs,
	Title = {Modelling and Verification of Web Services Business Activity Protocol},
	Volume = {6605},
	Year = {2011},
	Bdsk-Url-3 = {http://dx.doi.org/10.1007/978-3-642-19835-9%5C_32}}

@inproceedings{ChaudaryEtAl17,
	Author = {Chaudhary, K. and Fehnker, A. and Mehta, V.},
	Booktitle = {Models for Formal Analysis of Real Systems (MARS 2017)},
	Date-Added = {2017-10-10 05:59:52 +0000},
	Date-Modified = {2017-10-10 06:01:17 +0000},
	Doi = {10.4204/EPTCS.244.3},
	Editor = {Hermanns, H. and H\"ofner, P.},
	Pages = {53-65},
	Publisher = opa,
	Series = eptcs,
	Title = {Modelling, Verification, and Comparative Performance Analysis of the {B.A.T.M.A.N.} Protocol},
	Volume = {244},
	Year = {2017},
	Bdsk-Url-1 = {http://dx.doi.org/10.4204/EPTCS.244.3}}

@inproceedings{DavidYi00,
	Author = {David, A. and Yi, W.},
	Booktitle = {Euromicro Conference on Real-Time Systems {(ECRTS} '00)},
	Date-Added = {2017-10-10 05:23:12 +0000},
	Date-Modified = {2017-10-10 05:24:17 +0000},
	Doi = {10.1109/EMRTS.2000.854004},
	Pages = {165--172},
	Publisher = ieee,
	Title = {Modelling and Analysis of a Commercial Field Bus Protocol},
	Year = {2000},
	Bdsk-Url-1 = {https://doi.org/10.1109/EMRTS.2000.854004},
	Bdsk-Url-2 = {http://dx.doi.org/10.1109/EMRTS.2000.854004}}

@inproceedings{IversenEtAl00,
	Author = {Iversen, T. and Kristoffersen, K. and Larsen, K. G. and Laursen, M. and Madsen, R. and Mortensen, S. and Pettersson, P. and Thomasen, C.},
	Booktitle = {Euromicro Conference on Real-Time Systems {(ECRTS} '00)},
	Date-Added = {2017-10-10 05:19:52 +0000},
	Date-Modified = {2017-10-10 05:22:04 +0000},
	Doi = {10.1109/EMRTS.2000.854002},
	Pages = {147--155},
	Publisher = ieee,
	Title = {Model-Checking Real-time Control Programs: Cerifying Lego(R) Mindstorms\({}^{\mbox{TM}}\) Systems Using {UPPAAL}},
	Year = {2000},
	Bdsk-Url-1 = {https://doi.org/10.1109/EMRTS.2000.854002},
	Bdsk-Url-2 = {http://dx.doi.org/10.1109/EMRTS.2000.854002}}

@article{LindahlEtAl01,
	Author = {Lindahl, M. and Pettersson, P. and Yi, W.},
	Date-Added = {2017-10-10 05:07:03 +0000},
	Date-Modified = {2017-10-10 05:11:02 +0000},
	Doi = {10.1007/s100090100048},
	Journal = sttt,
	Number = {3},
	Pages = {353--368},
	Title = {Formal Design and Analysis of a Gear Controller},
	Volume = {3},
	Year = {2001},
	Bdsk-Url-1 = {https://doi.org/10.1007/s100090100048},
	Bdsk-Url-2 = {http://dx.doi.org/10.1007/s100090100048}}

@inproceedings{HavelundEtAl99,
	Author = {Havelund, K. and Larsen, K. G. and Skou, A.},
	Booktitle = {Formal Methods for Real-Time and Probabilistic Systems (ARTS'99)},
	Date-Added = {2017-10-10 05:02:19 +0000},
	Date-Modified = {2017-10-10 05:03:52 +0000},
	Doi = {10.1007/3-540-48778-6\_17},
	Editor = {Katoen, {J.-P.}},
	Pages = {277--298},
	Publisher = springer,
	Series = lncs,
	Title = {Formal Verification of a Power Controller Using the Real-Time Model Checker {UPPAAL}},
	Url = {https://doi.org/10.1007/3-540-48778-6_17},
	Volume = {1601},
	Year = {1999},
	Bdsk-Url-1 = {https://doi.org/10.1007/3-540-48778-6_17},
	Bdsk-Url-2 = {http://dx.doi.org/10.1007/3-540-48778-6_17},
	Bdsk-Url-3 = {http://dx.doi.org/10.1007/3-540-48778-6%5C_17}}

@article{BowmanEtAl98,
	Author = {Bowman, H. and Faconti, G. and Katoen, {J.-P.} and Latella, D. and Massink, M.},
	Date-Added = {2017-10-10 04:59:08 +0000},
	Date-Modified = {2017-10-10 05:01:03 +0000},
	Doi = {10.1007/s001650050032},
	Journal = faoc,
	Number = {5-6},
	Pages = {550--575},
	Title = {Automatic Verification of a Lip-Synchronisation Protocol Using Uppaal},
	Volume = {10},
	Year = {1998},
	Bdsk-Url-1 = {https://doi.org/10.1007/s001650050032},
	Bdsk-Url-2 = {http://dx.doi.org/10.1007/s001650050032}}

@inproceedings{GebremichaelEtAl06,
	Author = {Gebremichael, B. and Vaandrager, F. and Zhang, M.},
	Booktitle = {ACM \&Amp; IEEE International Conference on Embedded Software (EMSOFT '06)},
	Date-Added = {2017-10-10 04:53:23 +0000},
	Date-Modified = {2017-10-10 04:55:25 +0000},
	Doi = {10.1145/1176887.1176923},
	Pages = {242--251},
	Publisher = {definition},
	Title = {Analysis of the Zeroconf Protocol Using {UPPAAL}},
	Year = {2006},
	Bdsk-Url-1 = {http://doi.acm.org/10.1145/1176887.1176923},
	Bdsk-Url-2 = {http://dx.doi.org/10.1145/1176887.1176923}}

@inproceedings{JensenEtAl96,
	Author = {Jensen, H. E. and Larsen, K. G. and Skou, A.},
	Booktitle = {The Spin Verification System},
	Date-Added = {2017-10-10 04:37:46 +0000},
	Date-Modified = {2017-10-10 04:40:08 +0000},
	Editor = {Gr{\'{e}}goire, {J.-C.} and Holzmann, G. and Peled, D.},
	Pages = {33--50},
	Publisher = {DIMACS/AMS},
	Title = {Modelling and Analysis of a Collision Avoidance Protocol using {Spin} and {Uppaal}},
	Volume = {32},
	Year = {1997}}

@inproceedings{NFM13,
	Author = {H{\"o}fner, P. and McIver, A.},
	Bdsk-Url-1 = {http://dx.doi.org/10.1007/978-3-642-38088-4%5C\_22},
	Booktitle = {NASA Formal Methods Symposium {(NFM '13)}},
	Date-Added = {2017-10-10 04:33:16 +0000},
	Date-Modified = {2017-10-10 04:35:34 +0000},
	Doi = {10.1007/978-3-642-38088-4\_22},
	Editor = {Brat, G. and Rungta, N. and Venet, A.},
	Pages = {322-336},
	Publisher = springer,
	Series = lncs,
	Title = {Statistical Model Checking of Wireless Mesh Routing Protocols},
	Volume = {7871},
	Year = {2013},
	Bdsk-Url-2 = {http://dx.doi.org/10.1007/978-3-642-38088-4%5C_22}}

@inproceedings{DArgenioEtAl97,
	Author = {D'Argenio, P. and Katoen, {J.-P.} and Ruys, T. and Tretmans, J.},
	Booktitle = {Tools and Algorithms for Construction and Analysis of Systems (TACAS '97)},
	Date-Added = {2017-10-10 04:30:18 +0000},
	Date-Modified = {2017-10-10 04:31:51 +0000},
	Doi = {10.1007/BFb0035403},
	Editor = {Brinksma, E.},
	Pages = {416--431},
	Publisher = springer,
	Series = lncs,
	Title = {The Bounded Retransmission Protocol Must Be on Time!},
	Volume = {1217},
	Year = {1997},
	Bdsk-Url-1 = {https://doi.org/10.1007/BFb0035403},
	Bdsk-Url-2 = {http://dx.doi.org/10.1007/BFb0035403}}

@inproceedings{HavelundEtAl97,
	Author = {Havelund, K. and Skou, A. and Larsen, K.G. and Lund, K.},
	Booktitle = {Real-Time Systems Symposium (RTSS '97)},
	Date-Added = {2017-10-10 04:19:48 +0000},
	Date-Modified = {2017-10-10 04:21:32 +0000},
	Doi = {10.1109/REAL.1997.641264},
	Pages = {2--13},
	Publisher = ieee,
	Title = {Formal Modeling and Analysis of an Audio/Video Protocol: An Industrial Case Study Using {UPPAAL}},
	Year = {1997},
	Bdsk-Url-1 = {https://doi.org/10.1109/REAL.1997.641264},
	Bdsk-Url-2 = {http://dx.doi.org/10.1109/REAL.1997.641264}}

@conference{TACAS12,
	Author = {Fehnker, A. and van Glabbeek, R. J. and H{\"o}fner, P and McIver, A. K. and Portmann, M. and Tan, W. L.},
	Bdsk-Url-1 = {http://dx.doi.org/10.1007/978-3-642-28756-5%5C\_13},
	Booktitle = {Tools and Algorithms for the Construction and Analysis of Systems {(TACAS '12)}},
	Date-Added = {2017-10-10 04:18:47 +0000},
	Date-Modified = {2017-10-10 04:18:47 +0000},
	Doi = {10.1007/978-3-642-28756-5\_13},
	Editor = {Flanagan, C. and K{\"onig}, B.},
	Pages = {173-187},
	Publisher = springer,
	Series = lncs,
	Title = {Automated Analysis of {AODV} using {UPPAAL}},
	Volume = {7214},
	Year = {2012},
	Bdsk-Url-2 = {http://dx.doi.org/10.1007/978-3-642-28756-5%5C_13}}

@article{BrzozowskiSeger91,
	Author = {Brzozowski, J. A. and Seger, {C-J.} H.},
	Date-Added = {2017-08-08 06:39:20 +0000},
	Date-Modified = {2017-08-08 06:45:05 +0000},
	Issn = {0252-9742},
	Journal = {Bulletin of the European Association for Theoretical Computer Science},
	Pages = {199-263},
	Publisher = {EATCS},
	Title = {Advances in Asynchronous Circuit Theory -- Part II: Bounded Inertial Delay Models, {MOS} Circuits, Design Techniques},
	Volume = {43},
	Year = {1991},
	Bdsk-Url-1 = {http://publications.rwth-aachen.de/record/138044}}

@phdthesis{Alur91,
	Author = {Alur, R.},
	Date-Added = {2017-08-08 06:33:19 +0000},
	Date-Modified = {2017-08-08 06:33:52 +0000},
	School = {Stanford University},
	Title = {Techniques for Automatic Verification of Real-Time Systems},
	Year = {1991}}

@article{LPY97,
	Author = {Larsen, K. G. and Pettersson, P. and {Wang Yi}},
	Date-Added = {2017-08-08 06:03:57 +0000},
	Date-Modified = {2017-08-08 06:03:57 +0000},
	Journal = sttt,
	Number = {1-2},
	Pages = {134-152},
	Title = {{UPPAAL} in a Nutshell},
	Volume = {1},
	Year = {1997}}

@inproceedings{BehrmannEtAl04,
	Author = {Behrmann, G. and David, A. and Larsen, K.},
	Booktitle = {Formal Methods for the Design of Real-Time Systems, International School on Formal Methods for the Design of Computer, Communication and Software Systems, {SFM-RT} 2004, Revised Lectures},
	Date-Added = {2017-06-15 12:28:32 +0000},
	Date-Modified = {2017-10-10 04:25:36 +0000},
	Doi = {10.1007/978-3-540-30080-9\_7},
	Editor = {Bernardo, M. and Corradini, F.},
	Pages = {200--236},
	Publisher = springer,
	Series = lncs,
	Title = {A Tutorial on {Uppaal}},
	Volume = {3185},
	Year = {2004},
	Bdsk-Url-1 = {http://dx.doi.org/10.1007/978-3-540-30080-9_7},
	Bdsk-Url-2 = {http://dx.doi.org/10.1007/978-3-540-30080-9%5C_7}}

@book{BaierKatoen08,
	Author = {Baier, C. and Katoen, {J.-P.}},
	Date-Added = {2017-06-15 12:26:22 +0000},
	Date-Modified = {2017-06-15 12:27:05 +0000},
	Publisher = {The MIT Press},
	Title = {Principles of Model Checking},
	Year = {2008}}

@incollection{DavidEtAl09,
	Author = {David, A. and Behrmann, G. and Bulychev, P. and Byg, J. and Chatain, T. and Larsen, K. and Pettersson, P. and Rasmussen, J. and Srba, J. and Yi, W. and Joergensen, K. and Lime, D. and Magnin, M. and Roux, O. and Traonouez, {L.-M.}},
	Booktitle = {Communicating Embedded Systems -- Software and Design},
	Date-Added = {2017-06-15 12:21:59 +0000},
	Date-Modified = {2017-06-15 12:24:12 +0000},
	Editor = {Roux, O. and Jard, C.},
	Isbn = {9781848211438},
	Pages = {165--225},
	Publisher = {ISTE Publishing / John Wiley},
	Title = {Tools for Model-Checking Timed Systems},
	Year = 2009}

@Article{GV93,
  author =       "Glabbeek, R.J. van and F.W. Vaandrager",
  year =         "1993",
  journal =      "Theoretical Computer Science",
  volume =       "113",
  number =       "2",
  pages =        "293--348",
  title =        "Modular Specification of Process Algebras",
  doi =          "10.1016/0304-3975(93)90006-F",
}

@Book{GM14,
  author = 	 {J.F. Groote and M.R. Mousavi},
  title = 	 {Modeling and Analysis of Communicating Systems},
  publisher = 	 {MIT Press},
  year = 	 {2014},
}

@techreport{TR13,
	Author = {Fehnker, A. and van Glabbeek, R.J. and H{\"o}fner, P. and McIver, A.K. and Portmann, M. and Tan, W.L.},
	Date-Added = {2014-07-29 00:22:54 +0000},
	Date-Modified = {2014-07-29 00:24:01 +0000},
	Institution = {NICTA},
	Nourl = {http://www.nicta.com.au/pub?doc=5513},
	Number = {5513},
	Title = {A Process Algebra for Wireless Mesh Networks used for Modelling, Verifying and Analysing {AODV}},
	Type = {Technical Report},
	Url = {https://arxiv.org/abs/1312.7645},
	Year = 2013,
	Bdsk-Url-1 = {http://www.nicta.com.au/pub?doc=5513},
	Bdsk-Url-2 = {http://arxiv.org/abs/1312.7645}}

@inproceedings{ESOP12,
	Author = {Fehnker, A. and van Glabbeek, R. J. and H{\"o}fner, P. and McIver, A. K. and Portmann, M. and Tan, W. L.},
	Booktitle = {European Symposium on Programming {(ESOP '12)}},
	Doi = {10.1007/978-3-642-28869-2\_15},
	Editor = {Seidl, H.},
	Pages = {295-315},
	Publisher = springer,
	Series = lncs,
	Title = {A Process Algebra for Wireless Mesh Networks},
	Volume = {7211},
	Year = {2012},
	Bdsk-Url-1 = {http://dx.doi.org/10.1007/978-3-642-28869-2%5C_15}}

@misc{rfc3561,
	Author = {Perkins, C.E. and Belding-Royer, E.M. and Das, S.},
	Howpublished = {RFC 3561 (Experimental), Network Working Group},
	Number = 3561,
	Series = {Request for Comments},
	Title = {Ad hoc On-Demand Distance Vector {(AODV)} Routing},
	Url = {http://www.ietf.org/rfc/rfc3561.txt},
	Year = 2003,
	Bdsk-Url-1 = {http://www.ietf.org/rfc/rfc3561.txt}}
